@article{Yang:1954ek,
      author         = "Yang, Chen-Ning and Mills, Robert L.",
      title          = "{Conservation of Isotopic Spin and Isotopic Gauge
                        Invariance}",
      journal        = "Phys. Rev.",
      volume         = "96",
      year           = "1954",
      pages          = "191-195",
      doi            = "10.1103/PhysRev.96.191",
      SLACcitation   = "%%CITATION = PHRVA,96,191;%%"
}
@article{Glashow:1961tr,
      author         = "Glashow, S. L.",
      title          = "{Partial Symmetries of Weak Interactions}",
      journal        = "Nucl. Phys.",
      volume         = "22",
      year           = "1961",
      pages          = "579-588",
      doi            = "10.1016/0029-5582(61)90469-2",
      SLACcitation   = "%%CITATION = NUPHA,22,579;%%"
}
@article{Weinberg:1967tq,
      author         = "Weinberg, Steven",
      title          = "{A Model of Leptons}",
      journal        = "Phys. Rev. Lett.",
      volume         = "19",
      year           = "1967",
      pages          = "1264-1266",
      doi            = "10.1103/PhysRevLett.19.1264",
      SLACcitation   = "%%CITATION = PRLTA,19,1264;%%"
}
@article{Salam:1968rm,
      author         = "Salam, Abdus",
      title          = "{Weak and Electromagnetic Interactions}",
      booktitle      = "{8th Nobel Symposium Lerum, Sweden, May 19-25, 1968}",
      journal        = "Conf. Proc. C",
      volume         = "680519",
      year           = "1968",
      pages          = "367-377",
      SLACcitation   = "%%CITATION = CONFP,C680519,367;%%"
}
@article{Gross:1973id,
      author         = "Gross, David J. and Wilczek, Frank",
      title          = "{Ultraviolet Behavior of Nonabelian Gauge Theories}",
      journal        = "Phys. Rev. Lett.",
      volume         = "30",
      year           = "1973",
      pages          = "1343-1346",
      doi            = "10.1103/PhysRevLett.30.1343",
      SLACcitation   = "%%CITATION = PRLTA,30,1343;%%"
}
@article{Politzer:1973fx,
      author         = "Politzer, H. David",
      title          = "{Reliable Perturbative Results for Strong Interactions?}",
      journal        = "Phys. Rev. Lett.",
      volume         = "30",
      year           = "1973",
      pages          = "1346-1349",
      doi            = "10.1103/PhysRevLett.30.1346",
      SLACcitation   = "%%CITATION = PRLTA,30,1346;%%"
}
@article{Englert:1964et,
      author         = "Englert, F. and Brout, R.",
      title          = "{Broken Symmetry and the Mass of Gauge Vector Mesons}",
      journal        = "Phys. Rev. Lett.",
      volume         = "13",
      year           = "1964",
      pages          = "321-323",
      doi            = "10.1103/PhysRevLett.13.321",
      SLACcitation   = "%%CITATION = PRLTA,13,321;%%"
}
@article{Higgs:1964ia,
      author         = "Higgs, Peter W.",
      title          = "{Broken symmetries, massless particles and gauge fields}",
      journal        = "Phys. Lett.",
      volume         = "12",
      year           = "1964",
      pages          = "132-133",
      doi            = "10.1016/0031-9163(64)91136-9",
      SLACcitation   = "%%CITATION = PHLTA,12,132;%%"
}
@article{Higgs:1964pj,
      author         = "Higgs, Peter W.",
      title          = "{Broken Symmetries and the Masses of Gauge Bosons}",
      journal        = "Phys. Rev. Lett.",
      volume         = "13",
      year           = "1964",
      pages          = "508-509",
      doi            = "10.1103/PhysRevLett.13.508",
      SLACcitation   = "%%CITATION = PRLTA,13,508;%%"
}
@article{Guralnik:1964eu,
      author         = "Guralnik, G. S. and Hagen, C. R. and Kibble, T. W. B.",
      title          = "{Global Conservation Laws and Massless Particles}",
      journal        = "Phys. Rev. Lett.",
      volume         = "13",
      year           = "1964",
      pages          = "585-587",
      doi            = "10.1103/PhysRevLett.13.585",
      SLACcitation   = "%%CITATION = PRLTA,13,585;%%"
}
@article{Higgs:1966ev,
      author         = "Higgs, Peter W.",
      title          = "{Spontaneous Symmetry Breakdown without Massless Bosons}",
      journal        = "Phys. Rev.",
      volume         = "145",
      year           = "1966",
      pages          = "1156-1163",
      doi            = "10.1103/PhysRev.145.1156",
      SLACcitation   = "%%CITATION = PHRVA,145,1156;%%"
}
@article{Kibble:1967sv,
      author         = "Kibble, T. W. B.",
      title          = "{Symmetry breaking in non-Abelian gauge theories}",
      journal        = "Phys. Rev.",
      volume         = "155",
      year           = "1967",
      pages          = "1554-1561",
      doi            = "10.1103/PhysRev.155.1554",
      SLACcitation   = "%%CITATION = PHRVA,155,1554;%%"
}
@article{Anderson:1963pc,
      author         = "Anderson, Philip W.",
      title          = "{Plasmons, Gauge Invariance, and Mass}",
      journal        = "Phys. Rev.",
      volume         = "130",
      year           = "1963",
      pages          = "439-442",
      doi            = "10.1103/PhysRev.130.439",
      note           = "[,153(1963)]",
      SLACcitation   = "%%CITATION = PHRVA,130,439;%%"
}
@article{Nambu:1960tm,
      author         = "Nambu, Yoichiro",
      title          = "{Quasiparticles and Gauge Invariance in the Theory of
                        Superconductivity}",
      journal        = "Phys. Rev.",
      volume         = "117",
      year           = "1960",
      pages          = "648-663",
      doi            = "10.1103/PhysRev.117.648",
      SLACcitation   = "%%CITATION = PHRVA,117,648;%%"
}
@article{Goldstone:1961eq,
      author         = "Goldstone, J.",
      title          = "{Field Theories with Superconductor Solutions}",
      journal        = "Nuovo Cim.",
      volume         = "19",
      year           = "1961",
      pages          = "154-164",
      doi            = "10.1007/BF02812722",
      SLACcitation   = "%%CITATION = NUCIA,19,154;%%"
}
@article{Goldstone:1962es,
      author         = "Goldstone, Jeffrey and Salam, Abdus and Weinberg, Steven",
      title          = "{Broken Symmetries}",
      journal        = "Phys. Rev.",
      volume         = "127",
      year           = "1962",
      pages          = "965-970",
      doi            = "10.1103/PhysRev.127.965",
      SLACcitation   = "%%CITATION = PHRVA,127,965;%%"
}
@article{Aad:2012tfa,
      author         = "Aad, Georges and others",
      title          = "{Observation of a new particle in the search for the
                        Standard Model Higgs boson with the ATLAS detector at the
                        LHC}",
      collaboration  = "ATLAS",
      journal        = "Phys. Lett. B",
      volume         = "716",
      year           = "2012",
      pages          = "1-29",
      doi            = "10.1016/j.physletb.2012.08.020",
      eprint         = "1207.7214",
      archivePrefix  = "arXiv",
      primaryClass   = "hep-ex",
      reportNumber   = "CERN-PH-EP-2012-218",
      SLACcitation   = "%%CITATION = ARXIV:1207.7214;%%"
}
@article{Chatrchyan:2012xdj,
      author         = "Chatrchyan, Serguei and others",
      title          = "{Observation of a new boson at a mass of 125 GeV with the
                        CMS experiment at the LHC}",
      collaboration  = "CMS",
      journal        = "Phys. Lett. B",
      volume         = "716",
      year           = "2012",
      pages          = "30-61",
      doi            = "10.1016/j.physletb.2012.08.021",
      eprint         = "1207.7235",
      archivePrefix  = "arXiv",
      primaryClass   = "hep-ex",
      reportNumber   = "CMS-HIG-12-028, CERN-PH-EP-2012-220",
      SLACcitation   = "%%CITATION = ARXIV:1207.7235;%%"
}
@article{Aad:2015zhl,
      author        = "{ATLAS} and {CMS Collaborations}",
      title          = "{Combined Measurement of the Higgs Boson Mass in $pp$
                        Collisions at $\sqrt{s}=7$ and 8 TeV with the ATLAS and
                        CMS Experiments}",
      journal        = "Phys. Rev. Lett.",
      volume         = "114",
      year           = "2015",
      pages          = "191803",
      doi            = "10.1103/PhysRevLett.114.191803",
      eprint         = "1503.07589",
      archivePrefix  = "arXiv",
      primaryClass   = "hep-ex",
      reportNumber   = "ATLAS-HIGG-2014-14, CMS-HIG-14-042, CERN-PH-EP-2015-075",
      SLACcitation   = "%%CITATION = ARXIV:1503.07589;%%"
}
@article{Khachatryan:2016vau,
       author        = "{ATLAS} and {CMS Collaborations}",
      title          = "{Measurements of the Higgs boson production and decay
                        rates and constraints on its couplings from a combined
                        ATLAS and CMS analysis of the LHC pp collision data at $
                        \sqrt{s}=7 $ and 8 TeV}",
      journal        = "JHEP",
      volume         = "08",
      year           = "2016",
      pages          = "045",
      doi            = "10.1007/JHEP08(2016)045",
      eprint         = "1606.02266",
      archivePrefix  = "arXiv",
      primaryClass   = "hep-ex",
      reportNumber   = "CERN-EP-2016-100, ATLAS-HIGG-2015-07, CMS-HIG-15-002",
      SLACcitation   = "%%CITATION = ARXIV:1606.02266;%%"
}
@article{Sirunyan:2018koj,
      author         = "Sirunyan, Albert M and others",
      title          = "{Combined measurements of Higgs boson couplings in
                        proton-proton collisions at $\sqrt{s}=$ 13 TeV}",
      collaboration  = "CMS",
      journal        = "Submitted to: Eur. Phys. J.",
      year           = "2018",
      eprint         = "1809.10733",
      archivePrefix  = "arXiv",
      primaryClass   = "hep-ex",
      reportNumber   = "CMS-HIG-17-031, CERN-EP-2018-263",
      SLACcitation   = "%%CITATION = ARXIV:1809.10733;%%"
}
@article{Nambu:1961tp,
      author         = "Nambu, Yoichiro and Jona-Lasinio, G.",
      title          = "{Dynamical Model of Elementary Particles Based on an
                        Analogy with Superconductivity. 1.}",
      journal        = "Phys. Rev.",
      volume         = "122",
      year           = "1961",
      pages          = "345-358",
      doi            = "10.1103/PhysRev.122.345",
      SLACcitation   = "%%CITATION = PHRVA,122,345;%%"
}
@article{tHooft:1972tcz,
      author         = "'t Hooft, Gerard and Veltman, M. J. G.",
      title          = "{Regularization and Renormalization of Gauge Fields}",
      journal        = "Nucl. Phys. B",
      volume         = "44",
      year           = "1972",
      pages          = "189-213",
      doi            = "10.1016/0550-3213(72)90279-9",
      SLACcitation   = "%%CITATION = NUPHA,B44,189;%%"
}
@book{Halzen:1984mc,
      author         = "Halzen, Francis and Martin, Alan D.",
      title          = "{QUARKS AND LEPTONS: An Introductory Course in Modern Particle Physics}",
      year           = "1984",
      ISBN           = "0471887412, 9780471887416",
      publisher      = "John Wiley \& Sons, Inc.",
      address        = "New York, USA"
}
@online{SM_interactions,
      author = "{Wikimedia Commons}",
      title = "{Standard Model Feynman Diagram Vertices}",
      month = "Sept",
      year = "2018",
      url = {https://en.wikipedia.org/wiki/Standard_Model},
}
@book{Quigg:2013ufa,
      author         = "Quigg, Chris",
      title          = "{Gauge Theories of the Strong, Weak, and Electromagnetic
                        Interactions}",
      publisher      = "Princeton University Press",
      address        = "USA",
      year           = "2013",
      url            = "http://chrisquigg.com/gauge-theories/",
      ISBN           = "9780691135489, 9781400848225",
      SLACcitation   = "%%CITATION = INSPIRE-1263594;%%"
}
@ARTICLE{hp1,
     AUTHOR       = "Witten, E.",
     TITLE        = "Dynamical breaking of supersymmetry",
     JOURNAL      = "Nucl. Phys. B",
     VOLUME       = "188",
     YEAR         = "1981",
     pages        = "513",
     doi        = "10.1016/0550-3213(81)90006-7"
}
@ARTICLE{hp2,
     AUTHOR       = "Savas Dimopoulos and Howard Georgi",
     TITLE        = "Softly broken supersymmetry and {SU(5)}",
     JOURNAL      = "Nucl. Phys. B",
     VOLUME       = "193",
     YEAR         = "1981",
     pages        = "150",
     doi        = "10.1016/0550-3213(81)90522-8"
}
@article{Kaluza:1921tu,
      author         = "Kaluza, Theodor",
      title          = "{Zum Unit\"{a}tsproblem der Physik}",
      booktitle      = "{International School of Cosmology and Gravitation: 8th
                        Course: Unified Field Theories of More than Four
                        Dimensions, Including Exact Solutions Erice, Italy, May
                        20-June 1, 1982}",
      journal        = "Sitzungsber. Preuss. Akad. Wiss. Berlin (Math. Phys.)",
      volume         = "1921",
      year           = "1921",
      pages          = "966-972",
      eprint         = "1803.08616",
      archivePrefix  = "arXiv",
      primaryClass   = "physics.hist-ph",
      SLACcitation   = "%%CITATION = ARXIV:1803.08616;%%"
}
@article{Klein:1926fj,
      author         = "Klein, O.",
      title          = "{The Atomicity of Electricity as a Quantum Theory Law}",
      journal        = "Nature",
      volume         = "118",
      year           = "1926",
      pages          = "516",
      doi            = "10.1038/118516a0",
      SLACcitation   = "%%CITATION = NATUA,118,516;%%"
}
@article{Klein:1926tv,
      author         = "Klein, Oskar",
      title          = "{Quantum Theory and Five-Dimensional Theory of
                        Relativity}",
      booktitle      = "{Gauge theories in the twentieth century}",
      journal        = "Z. Phys.",
      volume         = "37",
      year           = "1926",
      pages          = "895-906",
      doi            = "10.1007/BF01397481",
      SLACcitation   = "%%CITATION = ZEPYA,37,895;%%"
}
@article{Martin:1997ns,
      author         = "Martin, Stephen P.",
      title          = "{A Supersymmetry primer}",
      year           = "1997",
      pages          = "1-98",
      doi            = "10.1142/9789812839657_0001, 10.1142/9789814307505_0001",
      eprint         = "hep-ph/9709356",
      archivePrefix  = "arXiv",
      primaryClass   = "hep-ph",
      reportNumber   = "FERMILAB-PUB-97-425-T",
      SLACcitation   = "%%CITATION = HEP-PH/9709356;%%"
}
@article{Hewett:2002hv,
      author         = "Hewett, JoAnne L. and Spiropulu, Maria",
      title          = "{Particle physics probes of extra space-time dimensions}",
      journal        = "Ann. Rev. Nucl. Part. Sci.",
      volume         = "52",
      year           = "2002",
      pages          = "397-424",
      doi            = "10.1146/annurev.nucl.52.050102.090706",
      eprint         = "hep-ph/0205106",
      archivePrefix  = "arXiv",
      primaryClass   = "hep-ph",
      reportNumber   = "SLAC-PUB-9194, EFI-02-70",
      SLACcitation   = "%%CITATION = HEP-PH/0205106;%%"
}
@article{Bijnens:2001gh,
      author         = "Bijnens, J. and Eerola, P. and Maul, M. and Mansson, A.
                        and Sjostrand, T.",
      title          = "{QCD signatures of narrow graviton resonances in hadron
                        colliders}",
      journal        = "Phys. Lett. B",
      volume         = "503",
      year           = "2001",
      pages          = "341-348",
      doi            = "10.1016/S0370-2693(01)00238-6",
      eprint         = "hep-ph/0101316",
      archivePrefix  = "arXiv",
      primaryClass   = "hep-ph",
      reportNumber   = "LU-TP-01-05",
      SLACcitation   = "%%CITATION = HEP-PH/0101316;%%"
}
@article{Tang:2012pv,
      author         = "Tang, Yong",
      title          = "{Implications of LHC Searches for Massive Graviton}",
      journal        = "JHEP",
      volume         = "08",
      year           = "2012",
      pages          = "078",
      doi            = "10.1007/JHEP08(2012)078",
      eprint         = "1206.6949",
      archivePrefix  = "arXiv",
      primaryClass   = "hep-ph",
      SLACcitation   = "%%CITATION = ARXIV:1206.6949;%%"
}
@article{ArkaniHamed:1998rs,
      author         = "Arkani-Hamed, Nima and Dimopoulos, Savas and Dvali, G. R.",
      title          = "The Hierarchy problem and new dimensions at a
                        millimeter",
      journal        = "Phys. Lett. B",
      volume         = "429",
      pages          = "263",
      doi            = "10.1016/S0370-2693(98)00466-3",
      year           = "1998",
      eprint         = "hep-ph/9803315",
      archivePrefix  = "arXiv",
      primaryClass   = "hep-ph",
      reportNumber   = "SLAC-PUB-7769, SU-ITP-98-13",
      SLACcitation   = "%%CITATION = HEP-PH/9803315;%%",
}
@article{Antoniadis:1998ig,
      author         = "Antoniadis, Ignatios and Arkani-Hamed, Nima and
                        Dimopoulos, Savas and Dvali, G. R.",
      title          = "New dimensions at a millimeter to a fermi and
                        superstrings at a {TeV}",
      journal        = "Phys. Lett. B",
      volume         = "436",
      year           = "1998",
      pages          = "257",
      doi            = "10.1016/S0370-2693(98)00860-0",
      eprint         = "hep-ph/9804398",
      archivePrefix  = "arXiv",
      primaryClass   = "hep-ph",
      reportNumber   = "SLAC-PUB-7801, SU-ITP-98-28, CPTH-S608-0498, IC-98-39",
      SLACcitation   = "%%CITATION = HEP-PH/9804398;%%"
}
@article{ArkaniHamed:1998nn,
      author         = "Arkani-Hamed, Nima and Dimopoulos, Savas and Dvali, G.
                        R.",
      title          = "Phenomenology, astrophysics and cosmology of theories
                        with submillimeter dimensions and {TeV} scale quantum
                        gravity",
      journal        = "Phys. Rev. D",
      volume         = "59",
      year           = "1999",
      pages          = "086004",
      doi            = "10.1103/PhysRevD.59.086004",
      eprint         = "hep-ph/9807344",
      archivePrefix  = "arXiv",
      primaryClass   = "hep-ph",
      reportNumber   = "SLAC-PUB-7864, SU-ITP-98-142, IC-98-44",
      SLACcitation   = "%%CITATION = HEP-PH/9807344;%%"
}
@Article{Randall:1999ee,
     author    = "Randall, Lisa and Sundrum, Raman",
     title     = "A large mass hierarchy from a small extra dimension",
     journal   = "Phys. Rev. Lett.",
     volume    = "83",
     year      = "1999",
     pages     = "3370",
     eprint    = "hep-ph/9905221",
     archivePrefix = "arXiv",
     doi       = "10.1103/PhysRevLett.83.3370",
     SLACcitation  = "%%CITATION = HEP-PH/9905221;%%"
}
@article{Randall:1999vf,
      author         = "Randall, Lisa and Sundrum, Raman",
      title          = "An Alternative to compactification",
      journal        = "Phys. Rev. Lett.",
      volume         = "83",
      year           = "1999",
      pages          = "4690",
      doi            = "10.1103/PhysRevLett.83.4690",
      eprint         = "hep-th/9906064",
      archivePrefix  = "arXiv",
      primaryClass   = "hep-th",
      reportNumber   = "MIT-CTP-2874, PUPT-1867, BUHEP-99-13",
      SLACcitation   = "%%CITATION = HEP-TH/9906064;%%"
}
@article{Giudice:1998ck,
      author         = "Giudice, Gian F. and Rattazzi, Riccardo and Wells, James
                        D.",
      title          = "{Quantum gravity and extra dimensions at high-energy
                        colliders}",
      journal        = "Nucl. Phys. B",
      volume         = "544",
      year           = "1999",
      pages          = "3-38",
      doi            = "10.1016/S0550-3213(99)00044-9",
      eprint         = "hep-ph/9811291",
      archivePrefix  = "arXiv",
      primaryClass   = "hep-ph",
      reportNumber   = "CERN-TH-98-354",
      SLACcitation   = "%%CITATION = HEP-PH/9811291;%%"
}
@article{Han:1998sg,
      author         = "Han, Tao and Lykken, Joseph D. and Zhang, Ren-Jie",
      title          = "{On Kaluza-Klein states from large extra dimensions}",
      journal        = "Phys. Rev. D",
      volume         = "59",
      year           = "1999",
      pages          = "105006",
      doi            = "10.1103/PhysRevD.59.105006",
      eprint         = "hep-ph/9811350",
      archivePrefix  = "arXiv",
      primaryClass   = "hep-ph",
      reportNumber   = "MADPH-98-1092, FERMILAB-PUB-98-364",
      SLACcitation   = "%%CITATION = HEP-PH/9811350;%%"
}
@article{Hewett:1998sn,
      author         = "Hewett, JoAnne L.",
      title          = "{Indirect collider signals for extra dimensions}",
      journal        = "Phys. Rev. Lett.",
      volume         = "82",
      year           = "1999",
      pages          = "4765-4768",
      doi            = "10.1103/PhysRevLett.82.4765",
      eprint         = "hep-ph/9811356",
      archivePrefix  = "arXiv",
      primaryClass   = "hep-ph",
      reportNumber   = "SLAC-PUB-8001",
      SLACcitation   = "%%CITATION = HEP-PH/9811356;%%"
}
@online{CMS_xsec,
      title = "{Summaries of CMS cross section measurements}",
      collaboration  = "CMS",
      month = "Jul",
      year = "2018",
      url = {https://twiki.cern.ch/twiki/bin/view/CMSPublic/PhysicsResultsCombined},
      urldate = {2018-09-10}
}
@article{Banks:1999gd,
      author         = "Banks, Tom and Fischler, Willy",
      title          = "{A Model for high-energy scattering in quantum gravity}",
      year           = "1999",
      eprint         = "hep-th/9906038",
      archivePrefix  = "arXiv",
      primaryClass   = "hep-th",
      reportNumber   = "RU-99-23, UTTG-03-99",
      SLACcitation   = "%%CITATION = HEP-TH/9906038;%%"
}
@article{Dimopoulos:2001hw,
      author         = "Dimopoulos, Savas and Landsberg, Greg L.",
      title          = "{Black holes at the LHC}",
      journal        = "Phys. Rev. Lett.",
      volume         = "87",
      year           = "2001",
      pages          = "161602",
      doi            = "10.1103/PhysRevLett.87.161602",
      eprint         = "hep-ph/0106295",
      archivePrefix  = "arXiv",
      primaryClass   = "hep-ph",
      reportNumber   = "SU-ITP-01-31",
      SLACcitation   = "%%CITATION = HEP-PH/0106295;%%"
}
@article{Giddings:2001bu,
      author         = "Giddings, Steven B. and Thomas, Scott D.",
      title          = "{High-energy colliders as black hole factories: The End
                        of short distance physics}",
      journal        = "Phys. Rev. D",
      volume         = "65",
      year           = "2002",
      pages          = "056010",
      doi            = "10.1103/PhysRevD.65.056010",
      eprint         = "hep-ph/0106219",
      archivePrefix  = "arXiv",
      primaryClass   = "hep-ph",
      reportNumber   = "NSF-ITP-01-62, SU-ITP-01-30",
      SLACcitation   = "%%CITATION = HEP-PH/0106219;%%"
}
@article{Sirunyan:2018dsf,
      author         = "Sirunyan, Albert M and others",
      title          = "{Search for new physics in final states with a single
                        photon and missing transverse momentum in proton-proton
                        collisions at $\sqrt{s} =$ 13 TeV}",
      collaboration  = "CMS",
      journal        = "Submitted to: JHEP",
      year           = "2018",
      eprint         = "1810.00196",
      archivePrefix  = "arXiv",
      primaryClass   = "hep-ex",
      reportNumber   = "CMS-EXO-16-053, CERN-EP-2018-248",
      SLACcitation   = "%%CITATION = ARXIV:1810.00196;%%"
}
@article{Sirunyan:2018xwt,
      author         = "Sirunyan, Albert M and others",
      title          = "{Search for black holes and sphalerons in
                        high-multiplicity final states in proton-proton collisions
                        at $ \sqrt{s}=13 $ TeV}",
      collaboration  = "CMS",
      journal        = "JHEP",
      volume         = "11",
      year           = "2018",
      pages          = "042",
      doi            = "10.1007/JHEP11(2018)042",
      eprint         = "1805.06013",
      archivePrefix  = "arXiv",
      primaryClass   = "hep-ex",
      reportNumber   = "CMS-EXO-17-023, CERN-EP-2018-093",
      SLACcitation   = "%%CITATION = ARXIV:1805.06013;%%"
}
@article{Aaboud:2017yyg,
      author         = "Aaboud, Morad and others",
      title          = "{Search for new phenomena in high-mass diphoton final
                        states using 37 fb$^{-1}$ of proton--proton collisions
                        collected at $\sqrt{s}=13$ TeV with the ATLAS detector}",
      collaboration  = "ATLAS",
      journal        = "Phys. Lett. B",
      volume         = "775",
      year           = "2017",
      pages          = "105-125",
      doi            = "10.1016/j.physletb.2017.10.039",
      eprint         = "1707.04147",
      archivePrefix  = "arXiv",
      primaryClass   = "hep-ex",
      reportNumber   = "CERN-EP-2017-132",
      SLACcitation   = "%%CITATION = ARXIV:1707.04147;%%"
}
@techreport{ATLAS-CONF-2016-059,
      title         = "{Search for scalar diphoton resonances with 15.4~fb$^{-1}$
                       of data collected at $\sqrt{s}$=13 TeV in 2015 and 2016
                       with the ATLAS detector}",
      institution   = "CERN",
      collaboration = "ATLAS",
      address       = "Geneva",
      number        = "ATLAS-CONF-2016-059",
      month         = "Aug",
      year          = "2016",
      reportNumber  = "ATLAS-CONF-2016-059",
      url           = "http://cds.cern.ch/record/2206154",
}
@article{Aaboud:2016tru,
      author         = "Aaboud, Morad and others",
      title          = "{Search for resonances in diphoton events at
                        $\sqrt{s}$=13 TeV with the ATLAS detector}",
      collaboration  = "ATLAS",
      journal        = "JHEP",
      volume         = "09",
      year           = "2016",
      pages          = "001",
      doi            = "10.1007/JHEP09(2016)001",
      eprint         = "1606.03833",
      archivePrefix  = "arXiv",
      primaryClass   = "hep-ex",
      reportNumber   = "CERN-EP-2016-120",
      SLACcitation   = "%%CITATION = ARXIV:1606.03833;%%"
}
@article{Aad:2015mna,
      author         = "Aad, Georges and others",
      title          = "{Search for high-mass diphoton resonances in $pp$
                        collisions at $\sqrt{s}=8$ TeV with the ATLAS detector}",
      collaboration  = "ATLAS",
      journal        = "Phys. Rev. D",
      volume         = "92",
      year           = "2015",
      number         = "3",
      pages          = "032004",
      doi            = "10.1103/PhysRevD.92.032004",
      eprint         = "1504.05511",
      archivePrefix  = "arXiv",
      primaryClass   = "hep-ex",
      reportNumber   = "CERN-PH-EP-2015-043",
      SLACcitation   = "%%CITATION = ARXIV:1504.05511;%%"
}
@article{Aad:2012cy,
      author         = "Aad, Georges and others",
      title          = "{Search for Extra Dimensions in diphoton events using
                        proton-proton collisions recorded at $\sqrt{s}=7$ TeV with
                        the ATLAS detector at the LHC}",
      collaboration  = "ATLAS",
      journal        = "New J. Phys.",
      volume         = "15",
      year           = "2013",
      pages          = "043007",
      doi            = "10.1088/1367-2630/15/4/043007",
      eprint         = "1210.8389",
      archivePrefix  = "arXiv",
      primaryClass   = "hep-ex",
      reportNumber   = "CERN-PH-EP-2012-289",
      SLACcitation   = "%%CITATION = ARXIV:1210.8389;%%"
}
@article{ATLAS:2011ab,
      author         = "Aad, Georges and others",
      title          = "{Search for extra dimensions using diphoton events in 7
                        TeV proton–proton collisions with the ATLAS detector}",
      collaboration  = "ATLAS",
      journal        = "Phys. Lett. B",
      volume         = "710",
      year           = "2012",
      pages          = "538-556",
      doi            = "10.1016/j.physletb.2012.03.022",
      eprint         = "1112.2194",
      archivePrefix  = "arXiv",
      primaryClass   = "hep-ex",
      reportNumber   = "CERN-PH-EP-2011-189",
      SLACcitation   = "%%CITATION = ARXIV:1112.2194;%%"
}
@article{Sirunyan:2018wnk,
      author         = "Sirunyan, A. M. and others",
      title          = "{Search for physics beyond the standard model in
                        high-mass diphoton events from proton-proton collisions at
                        $\sqrt{s} =$ 13 TeV}",
      collaboration  = "CMS",
      journal        = "Phys. Rev. D",
      volume         = "98",
      year           = "2018",
      number         = "9",
      pages          = "092001",
      doi            = "10.1103/PhysRevD.98.092001",
      eprint         = "1809.00327",
      archivePrefix  = "arXiv",
      primaryClass   = "hep-ex",
      reportNumber   = "CMS-EXO-17-017, CERN-EP-2018-219",
      SLACcitation   = "%%CITATION = ARXIV:1809.00327;%%"
}
@article{Khachatryan:2016yec,
      author         = "Khachatryan, Vardan and others",
      title          = "{Search for high-mass diphoton resonances in
                        proton–proton collisions at 13 TeV and combination with
                        8 TeV search}",
      collaboration  = "CMS",
      journal        = "Phys. Lett. B",
      volume         = "767",
      year           = "2017",
      pages          = "147-170",
      doi            = "10.1016/j.physletb.2017.01.027",
      eprint         = "1609.02507",
      archivePrefix  = "arXiv",
      primaryClass   = "hep-ex",
      reportNumber   = "CMS-EXO-16-027, CERN-EP-2016-216, CMS-EXO-16-02",
      SLACcitation   = "%%CITATION = ARXIV:1609.02507;%%"
}
@article{Khachatryan:2016hje,
      author         = "Khachatryan, Vardan and others",
      title          = "{Search for Resonant Production of High-Mass Photon Pairs
                        in Proton-Proton Collisions at $\sqrt{s}=8$ and 13 TeV}",
      collaboration  = "CMS",
      journal        = "Phys. Rev. Lett.",
      volume         = "117",
      year           = "2016",
      number         = "5",
      pages          = "051802",
      doi            = "10.1103/PhysRevLett.117.051802",
      eprint         = "1606.04093",
      archivePrefix  = "arXiv",
      primaryClass   = "hep-ex",
      reportNumber   = "CMS-EXO-16-018, CERN-EP-2016-154",
      SLACcitation   = "%%CITATION = ARXIV:1606.04093;%%"
}
@techreport{CMS-PAS-EXO-15-004,
      title         = "{Search for new physics in high mass diphoton events in
                       proton-proton collisions at $\sqrt{s} = 13$ TeV}",
      institution   = "CERN",
      collaboration = "CMS",
      address       = "Geneva",
      number        = "CMS-PAS-EXO-15-004",
      year          = "2015",
      reportNumber  = "CMS-PAS-EXO-15-004",
      url           = "https://cds.cern.ch/record/2114808",
}
@techreport{CMS-PAS-EXO-12-045,
      title         = "{Search for High-Mass Diphoton Resonances in pp Collisions
                       at $\sqrt{s}=8$ TeV with the CMS Detector}",
      institution   = "CERN",
      collaboration = "CMS",
      address       = "Geneva",
      number        = "CMS-PAS-EXO-12-045",
      year          = "2015",
      reportNumber  = "CMS-PAS-EXO-12-045",
      url           = "http://cds.cern.ch/record/2017806",
}
@article{Khachatryan:2015qba,
      author         = "Khachatryan, Vardan and others",
      title          = "{Search for diphoton resonances in the mass range from
                        150 to 850 GeV in pp collisions at $\sqrt{s} = 8$ TeV}",
      collaboration  = "CMS",
      journal        = "Phys. Lett. B",
      volume         = "750",
      year           = "2015",
      pages          = "494-519",
      doi            = "10.1016/j.physletb.2015.09.062",
      eprint         = "1506.02301",
      archivePrefix  = "arXiv",
      primaryClass   = "hep-ex",
      reportNumber   = "CMS-HIG-14-006, CERN-PH-EP-2015-113",
      SLACcitation   = "%%CITATION = ARXIV:1506.02301;%%"
}
@article{Chatrchyan:2011fq,
      author         = "Chatrchyan, Serguei and others",
      title          = "{Search for signatures of extra dimensions in the
                        diphoton mass spectrum at the Large Hadron Collider}",
      collaboration  = "CMS",
      journal        = "Phys. Rev. Lett.",
      volume         = "108",
      year           = "2012",
      pages          = "111801",
      doi            = "10.1103/PhysRevLett.108.111801",
      eprint         = "1112.0688",
      archivePrefix  = "arXiv",
      primaryClass   = "hep-ex",
      reportNumber   = "CERN-PH-EP-2011-173, CMS-EXO-11-038",
      SLACcitation   = "%%CITATION = ARXIV:1112.0688;%%"
}
@article{Chatrchyan:2011jx,
      author         = "Chatrchyan, Serguei and others",
      title          = "{Search for Large Extra Dimensions in the Diphoton Final
                        State at the Large Hadron Collider}",
      collaboration  = "CMS",
      journal        = "JHEP",
      volume         = "05",
      year           = "2011",
      pages          = "085",
      doi            = "10.1007/JHEP05(2011)085",
      eprint         = "1103.4279",
      archivePrefix  = "arXiv",
      primaryClass   = "hep-ex",
      reportNumber   = "CERN-PH-EP-2011-020, CMS-EXO-10-026",
      SLACcitation   = "%%CITATION = ARXIV:1103.4279;%%"
}
@techreport{CMS-PAS-EXO-09-004,
      title         = "{Search for Large Extra Dimensions in the Diphoton Final
                       State}",
      institution   = "CERN",
      collaboration = "CMS",
      address       = "Geneva",
      number        = "CMS-PAS-EXO-09-004",
      month         = "Jul",
      year          = "2009",
      reportNumber  = "CMS-PAS-EXO-09-004",
      url           = "https://cds.cern.ch/record/1194499",
}
@article{Aaltonen:2011xp,
      author         = "Aaltonen, T. and others",
      title          = "{Search for New Dielectron Resonances and Randall-Sundrum
                        Gravitons at the Collider Detector at Fermilab}",
      collaboration  = "CDF",
      journal        = "Phys. Rev. Lett.",
      volume         = "107",
      year           = "2011",
      pages          = "051801",
      doi            = "10.1103/PhysRevLett.107.051801",
      eprint         = "1103.4650",
      archivePrefix  = "arXiv",
      primaryClass   = "hep-ex",
      reportNumber   = "FERMILAB-PUB-11-178-E",
      SLACcitation   = "%%CITATION = ARXIV:1103.4650;%%"
}
@article{Abazov:2010xh,
      author         = "Abazov, Victor Mukhamedovich and others",
      title          = "{Search for Randall-Sundrum gravitons in the dielectron
                        and diphoton final states with 5.4~fb$^{-1}$ of data from
                        $p\bar{p}$ collisions at $\sqrt{s}=1.96$ TeV}",
      collaboration  = "D0",
      journal        = "Phys. Rev. Lett.",
      volume         = "104",
      year           = "2010",
      pages          = "241802",
      doi            = "10.1103/PhysRevLett.104.241802",
      eprint         = "1004.1826",
      archivePrefix  = "arXiv",
      primaryClass   = "hep-ex",
      reportNumber   = "FERMILAB-PUB-10-075-E",
      SLACcitation   = "%%CITATION = ARXIV:1004.1826;%%"
}
@article{Landsberg:2015pka,
      author         = "Landsberg, Greg",
      title          = "{Searches for Extra Spatial Dimensions with the CMS
                        Detector at the LHC}",
      journal        = "Mod. Phys. Lett. A",
      volume         = "30",
      year           = "2015",
      number         = "15",
      pages          = "1540017",
      doi            = "10.1142/S0217732315400179",
      eprint         = "1506.00024",
      archivePrefix  = "arXiv",
      primaryClass   = "hep-ex",
      SLACcitation   = "%%CITATION = ARXIV:1506.00024;%%"
}
@article{Aad:2014wca,
      author         = "Aad, Georges and others",
      title          = "{Search for contact interactions and large extra
                        dimensions in the dilepton channel using proton-proton
                        collisions at $\sqrt{s}$ = 8 TeV with the ATLAS detector}",
      collaboration  = "ATLAS",
      journal        = "Eur. Phys. J. C",
      volume         = "74",
      year           = "2014",
      number         = "12",
      pages          = "3134",
      doi            = "10.1140/epjc/s10052-014-3134-6",
      eprint         = "1407.2410",
      archivePrefix  = "arXiv",
      primaryClass   = "hep-ex",
      reportNumber   = "CERN-PH-EP-2014-135",
      SLACcitation   = "%%CITATION = ARXIV:1407.2410;%%"
}
@article{Khachatryan:2014fba,
      author         = "Khachatryan, Vardan and others",
      title          = "{Search for physics beyond the standard model in dilepton
                        mass spectra in proton-proton collisions at $ \sqrt{s}=8 $
                        TeV}",
      collaboration  = "CMS",
      journal        = "JHEP",
      volume         = "04",
      year           = "2015",
      pages          = "025",
      doi            = "10.1007/JHEP04(2015)025",
      eprint         = "1412.6302",
      archivePrefix  = "arXiv",
      primaryClass   = "hep-ex",
      reportNumber   = "CMS-EXO-12-061, CERN-PH-EP-2014-272",
      SLACcitation   = "%%CITATION = ARXIV:1412.6302;%%"
}
@techreport{CMS-PAS-EXO-12-046,
      title         = "{Z' to tau tau - emu final state}",
      institution   = "CERN",
      collaboration = "CMS",
      address       = "Geneva",
      number        = "CMS-PAS-EXO-12-046",
      year          = "2015",
      reportNumber  = "CMS-PAS-EXO-12-046",
      url           = "http://cds.cern.ch/record/1981303",
}
@article{Sirunyan:2018wcm,
      author         = "Sirunyan, Albert M and others",
      title          = "{Search for new physics in dijet angular distributions
                        using proton-proton collisions at $\sqrt{s}=$ 13 TeV and
                        constraints on dark matter and other models}",
      collaboration  = "CMS",
      journal        = "Eur. Phys. J. C",
      volume         = "78",
      year           = "2018",
      number         = "9",
      pages          = "789",
      doi            = "10.1140/epjc/s10052-018-6242-x",
      eprint         = "1803.08030",
      archivePrefix  = "arXiv",
      primaryClass   = "hep-ex",
      reportNumber   = "CMS-EXO-16-046, CERN-EP-2018-036",
      SLACcitation   = "%%CITATION = ARXIV:1803.08030;%%"
}
@online{Mouche:1708847,
      author        = "Mouche, Philippe",
      title         = "{Overall view of the LHC. Vue d'ensemble du LHC}",
      month         = "Jun",
      year          = "2014",
      reportNumber  = "OPEN-PHO-ACCEL-2014-001",
      url           = "https://cds.cern.ch/record/1708847",
}
@online{Mobs:2636343,
      author        = "Mobs, Esma",
      title         = "{The CERN accelerator complex - August 2018. Complexe des
                       accélérateurs du CERN - Août 2018}",
      month         = "Aug",
      year          = "2018",
      reportNumber  = "OPEN-PHO-ACCEL-2018-005",
      url           = "http://cds.cern.ch/record/2636343",
}
@online{LHC_schematic,
      title = "{LHC Machine Outreach}",
      year = "2005",
      url = "https://lhc-machine-outreach.web.cern.ch/lhc-machine-outreach/",
      urldate = "2018-07-28",
}
@online{Team:40524,
      author        = "{AC Team}",
      title         = "{Diagram of an LHC dipole magnet. Schéma d'un aimant
                       dipôle du LHC}",
      month         = "Jun",
      year          = "1999",
      reportNumber  = "CERN-DI-9906025",
      url           = "https://cds.cern.ch/record/40524",
}
@article{Evans:2008zzb,
      author         = "Evans, Lyndon and Bryant, Philip",
      title          = "{LHC Machine}",
      journal        = "JINST",
      volume         = "3",
      year           = "2008",
      pages          = "S08001",
      doi            = "10.1088/1748-0221/3/08/S08001",
      SLACcitation   = "%%CITATION = JINST,3,S08001;%%"
}
@article{Aamodt:2008zz,
      author         = "Aamodt, K. and others",
      title          = "{The ALICE experiment at the CERN LHC}",
      collaboration  = "ALICE",
      journal        = "JINST",
      volume         = "3",
      year           = "2008",
      pages          = "S08002",
      doi            = "10.1088/1748-0221/3/08/S08002",
      SLACcitation   = "%%CITATION = JINST,3,S08002;%%"
}
@article{Aad:2008zzm,
      author         = "Aad, G. and others",
      title          = "{The ATLAS Experiment at the CERN Large Hadron Collider}",
      collaboration  = "ATLAS",
      journal        = "JINST",
      volume         = "3",
      year           = "2008",
      pages          = "S08003",
      doi            = "10.1088/1748-0221/3/08/S08003",
      SLACcitation   = "%%CITATION = JINST,3,S08003;%%"
}
@article{Chatrchyan:2008aa,
      author         = "Chatrchyan, S. and others",
      title          = "{The CMS Experiment at the CERN LHC}",
      collaboration  = "CMS",
      journal        = "JINST",
      volume         = "3",
      year           = "2008",
      pages          = "S08004",
      doi            = "10.1088/1748-0221/3/08/S08004",
      SLACcitation   = "%%CITATION = JINST,3,S08004;%%"
}
@article{Alves:2008zz,
      author         = "Alves, Jr., A. Augusto and others",
      title          = "{The LHCb Detector at the LHC}",
      collaboration  = "LHCb",
      journal        = "JINST",
      volume         = "3",
      year           = "2008",
      pages          = "S08005",
      doi            = "10.1088/1748-0221/3/08/S08005",
      SLACcitation   = "%%CITATION = JINST,3,S08005;%%"
}
@article{Adriani:2008zz,
      author         = "Adriani, O. and others",
      title          = "{The LHCf detector at the CERN Large Hadron Collider}",
      collaboration  = "LHCf",
      journal        = "JINST",
      volume         = "3",
      year           = "2008",
      pages          = "S08006",
      doi            = "10.1088/1748-0221/3/08/S08006",
      SLACcitation   = "%%CITATION = JINST,3,S08006;%%"
}
@article{Anelli:2008zza,
      author         = "Anelli, G. and others",
      title          = "{The TOTEM experiment at the CERN Large Hadron Collider}",
      collaboration  = "TOTEM",
      journal        = "JINST",
      volume         = "3",
      year           = "2008",
      pages          = "S08007",
      doi            = "10.1088/1748-0221/3/08/S08007",
      SLACcitation   = "%%CITATION = JINST,3,S08007;%%"
}
@article{Sirunyan:2018nqx,
      author         = "Sirunyan, Albert M and others",
      title          = "{Measurement of the inelastic proton-proton cross section
                        at $ \sqrt{s}=13 $ TeV}",
      collaboration  = "CMS",
      journal        = "JHEP",
      volume         = "07",
      year           = "2018",
      pages          = "161",
      doi            = "10.1007/JHEP07(2018)161",
      eprint         = "1802.02613",
      archivePrefix  = "arXiv",
      primaryClass   = "hep-ex",
      reportNumber   = "CMS-FSQ-15-005, CERN-EP-2018-004",
      SLACcitation   = "%%CITATION = ARXIV:1802.02613;%%"
}
@techreport{Bruning:2004ej,
      author         = "{Br\"{u}ning}, Oliver S. and Collier, P. and Lebrun, P. and
                        Myers, S. and Ostojic, R. and Poole, J. and Proudlock, P.",
      title          = "{LHC Design Report Vol.1: The LHC Main Ring}",
      year           = "2004",
      reportNumber   = "CERN-2004-003-V1, CERN-2004-003, CERN-2004-003-V-1",
      number         = "CERN-2004-003-V1, CERN-2004-003, CERN-2004-003-V-1",
      url            = "https://cds.cern.ch/record/782076",
      SLACcitation   = "%%CITATION = CERN-2004-003-V1;%%"
}
@book{Bruning:782076,
      author        = "{Br\"{u}ning}, Oliver Sim and Collier, Paul and Lebrun, P and
                       Myers, Stephen and Ostojic, Ranko and Poole, John and
                       Proudlock, Paul",
      title         = "{LHC Design Report Vol.1: The LHC Main Ring}",
      publisher     = "CERN",
      address       = "Geneva",
      series        = "CERN Yellow Reports: Monographs",
      year          = "2004",
      url           = "https://cds.cern.ch/record/782076"
}
@techreport{CMS-PAS-LUM-17-001,
      title         = "{CMS Luminosity Measurements for the 2016 Data Taking
                       Period}",
      institution   = "CERN",
      collaboration = "CMS",
      address       = "Geneva",
      number        = "CMS-PAS-LUM-17-001",
      year          = "2017",
      reportNumber  = "CMS-PAS-LUM-17-001",
      url           = "https://cds.cern.ch/record/2257069",
}
@book{Apollinari:2284929,
      author        = "Apollinari G. and Béjar Alonso I. and Brüning O. and
                       Fessia P. and Lamont M. and Rossi L. and Tavian L.",
      title         = "{High-Luminosity Large Hadron Collider (HL-LHC): Technical
                       Design Report V. 0.1}",
      publisher     = "CERN",
      address       = "Geneva",
      series        = "CERN Yellow Reports: Monographs",
      year          = "2017",
      url           = "http://cds.cern.ch/record/2284929",
}
@techreport{Contardo:2020886,
      author        = "Contardo, D and Klute, M and Mans, J and Silvestris, L and
                       Butler, J",
      title         = "{Technical Proposal for the Phase-II Upgrade of the CMS
                       Detector}",
      address       = "Geneva",
      number        = "CERN-LHCC-2015-010. LHCC-P-008. CMS-TDR-15-02",
      month         = "Jun",
      year          = "2015",
      reportNumber  = "CERN-LHCC-2015-010",
      url           = "https://cds.cern.ch/record/2020886",
}
@techreport{Butler:2055167,
      author        = "Butler, J and Contardo, D and Klute, M and Mans, J and
                       Silvestris, L and on behalf of the CMS, Collaboration",
      title         = "{CMS Phase II Upgrade Scope Document}",
      institution   = "CERN",
      collaboration = "CMS",
      address       = "Geneva",
      number        = "CERN-LHCC-2015-019. LHCC-G-165",
      month         = "Sep",
      year          = "2015",
      reportNumber  = "CERN-LHCC-2015-019",
      url           = "https://cds.cern.ch/record/2055167",
}
@techreport{Collaboration:2293646,
      title         = "{The Phase-2 Upgrade of the CMS Endcap Calorimeter}",
      institution   = "CERN",
      collaboration = "CMS",
      address       = "Geneva",
      number        = "CERN-LHCC-2017-023. CMS-TDR-019",
      month         = "Nov",
      year          = "2017",
      reportNumber  = "CERN-LHCC-2017-023",
      url           = "https://cds.cern.ch/record/2293646",
}
@article{Sakuma:2013jqa,
      author         = "Sakuma, Tai and McCauley, Thomas",
      title          = "{Detector and Event Visualization with SketchUp at the
                        CMS Experiment}",
      booktitle      = "{Proceedings, 20th International Conference on Computing
                        in High Energy and Nuclear Physics (CHEP 2013): Amsterdam,
                        The Netherlands, October 14-18, 2013}",
      journal        = "J. Phys. Conf. Ser.",
      volume         = "513",
      year           = "2014",
      pages          = "022032",
      doi            = "10.1088/1742-6596/513/2/022032",
      eprint         = "1311.4942",
      archivePrefix  = "arXiv",
      primaryClass   = "physics.ins-det",
      reportNumber   = "CMS-CR-2013-379, FERMILAB-CONF-13-592-CMS-WDRS,
                        CMS-CR-2013-379-",
      SLACcitation   = "%%CITATION = ARXIV:1311.4942;%%"
}
@article{Schott:1699952,
      author        = "Schott, Matthias and Dunford, Monica",
      title         = "{Review of single vector boson production in pp collisions
                       at $\sqrt{s} = 7$ TeV. Review of single vector boson
                       production in pp collisions at $\sqrt{s} = 7$ TeV}",
      journal       = "Eur. Phys. J. C",
      number        = "arXiv:1405.1160",
      volume        = "74",
      pages         = "60 p",
      month         = "May",
      year          = "2014",
      reportNumber  = "arXiv:1405.1160",
      url           = "http://cds.cern.ch/record/1699952",
}
@online{CMS_lumi,
      title = "{CMS Luminosity - Public Results}",
      collaboration  = "CMS",
      year = "2018",
      url = {https://twiki.cern.ch/twiki/bin/view/CMSPublic/LumiPublicResults},
      urldate = {2018-07-28}
}
@article{Sirunyan:2018icq,
      author         = "Sirunyan, Albert M and others",
      title          = "{Precision measurement of the structure of the CMS inner
                        tracking system using nuclear interactions}",
      collaboration  = "CMS",
      journal        = "JINST",
      volume         = "13",
      year           = "2018",
      number         = "10",
      pages          = "P10034",
      doi            = "10.1088/1748-0221/13/10/P10034",
      eprint         = "1807.03289",
      archivePrefix  = "arXiv",
      primaryClass   = "physics.ins-det",
      reportNumber   = "CMS-TRK-17-001, CERN-EP-2018-144",
      SLACcitation   = "%%CITATION = ARXIV:1807.03289;%%"
}
@article{Sirunyan:2018fpa,
      author         = "Sirunyan, A. M. and others",
      title          = "{Performance of the CMS muon detector and muon
                        reconstruction with proton-proton collisions at
                        $\sqrt{s}=$ 13 TeV}",
      collaboration  = "CMS",
      journal        = "JINST",
      volume         = "13",
      year           = "2018",
      number         = "06",
      pages          = "P06015",
      doi            = "10.1088/1748-0221/13/06/P06015",
      eprint         = "1804.04528",
      archivePrefix  = "arXiv",
      primaryClass   = "physics.ins-det",
      reportNumber   = "CMS-MUO-16-001, CERN-EP-2018-058",
      SLACcitation   = "%%CITATION = ARXIV:1804.04528;%%"
}
@article{Chatrchyan:2013dga,
      author         = "Chatrchyan, Serguei and others",
      title          = "{Energy Calibration and Resolution of the CMS
                        Electromagnetic Calorimeter in $pp$ Collisions at
                        $\sqrt{s} = 7$ TeV}",
      collaboration  = "CMS",
      journal        = "JINST",
      volume         = "8",
      year           = "2013",
      pages          = "P09009",
      doi            = "10.1088/1748-0221/8/09/P09009",
      eprint         = "1306.2016",
      archivePrefix  = "arXiv",
      primaryClass   = "hep-ex",
      reportNumber   = "CMS-EGM-11-001, CERN-PH-EP-2013-097",
      SLACcitation   = "%%CITATION = ARXIV:1306.2016;%%"
}
@article{Khachatryan:2015hwa,
      author         = "Khachatryan, Vardan and others",
      title          = "{Performance of electron reconstruction and selection
                        with the CMS detector in proton-proton collisions at
                        $\sqrt{s} = 8$\TeV}",
      collaboration  = "CMS",
      journal        = "JINST",
      volume         = "10",
      pages          = "P06005",
      doi            = "10.1088/1748-0221/10/06/P06005",
      year           = "2015",
      eprint         = "1502.02701",
      archivePrefix  = "arXiv",
      primaryClass   = "physics.ins-det",
      reportNumber   = "CMS-EGM-13-001, CERN-PH-EP-2015-004",
      SLACcitation   = "%%CITATION = ARXIV:1502.02701;%%",
}
@article{CMS:EGM-14-001,
      author         = "Khachatryan, Vardan and others",
      title          = "{Performance of photon reconstruction and identification 
                         with the CMS detector in proton-proton collisions at 
                         $\sqrt{s} = 8$\TeV}",
      collaboration  = "CMS",
      journal        = "JINST",
      volume         = "10",
      pages          = "P08010",
      doi            = "10.1088/1748-0221/10/08/P08010",
      year           = "2015",
      eprint         = "1502.02702",
      archivePrefix  = "arXiv",
      primaryClass   = "physics.ins-det",
      reportNumber   = "CMS-EGM-14-001, CERN-PH-EP-2015-006",
      SLACcitation   = "%%CITATION = ARXIV:1502.02702;%%",
}
@online{CMS-DP-2018-015,
      title         = "{CMS ECAL with 2017 data}",
      collaboration = "CMS",
      month         = "May",
      year          = "2018",
      reportNumber  = "CMS-DP-2018-015",
      url           = "https://cds.cern.ch/record/2319285",
}
@online{Davis:2205172,
      title         = "{Interactive Slice of the CMS detector}",
      collaboration = "CMS",
      month         = "Aug",
      year          = "2016",
      reportNumber  = "CMS-OUTREACH-2016-027",
      url           = "https://cds.cern.ch/record/2205172",
}
@article{Khachatryan:2016bia,
      author         = "Khachatryan, Vardan and others",
      title          = "{The CMS trigger system}",
      collaboration  = "CMS",
      journal        = "JINST",
      volume         = "12",
      year           = "2017",
      number         = "01",
      pages          = "P01020",
      doi            = "10.1088/1748-0221/12/01/P01020",
      eprint         = "1609.02366",
      archivePrefix  = "arXiv",
      primaryClass   = "physics.ins-det",
      reportNumber   = "CMS-TRG-12-001, CERN-EP-2016-160",
      SLACcitation   = "%%CITATION = ARXIV:1609.02366;%%"
}
@article{CMS-PRF-14-001,
      author         = "Sirunyan, A. M. and others",
      title          = "Particle-flow reconstruction and global event description with the {CMS} detector",
      collaboration  = "CMS",
      journal        = "JINST",
      volume         = "12",
      year           = "2017",
      pages          = "P10003",
      doi            = "10.1088/1748-0221/12/10/P10003",
      eprint         = "1706.04965",
      archivePrefix  = "arXiv",
      primaryClass   = "physics.ins-det",
      reportNumber   = "CMS-PRF-14-001, CERN-EP-2017-110",
      SLACcitation   = "%%CITATION = ARXIV:1706.04965;%%",
}
@article{Chatrchyan:2014fea,
      author         = "Chatrchyan, Serguei and others",
      title          = "{Description and performance of track and primary-vertex
                        reconstruction with the CMS tracker}",
      collaboration  = "CMS",
      journal        = "JINST",
      volume         = "9",
      year           = "2014",
      number         = "10",
      pages          = "P10009",
      doi            = "10.1088/1748-0221/9/10/P10009",
      eprint         = "1405.6569",
      archivePrefix  = "arXiv",
      primaryClass   = "physics.ins-det",
      reportNumber   = "CMS-TRK-11-001, CERN-PH-EP-2014-070",
      SLACcitation   = "%%CITATION = ARXIV:1405.6569;%%"
}
@article{Chatrchyan:2012zz,
      author         = "Chatrchyan, Serguei and others",
      title          = "{Performance of tau-lepton reconstruction and
                        identification in CMS}",
      collaboration  = "CMS",
      journal        = "JINST",
      volume         = "7",
      year           = "2012",
      pages          = "P01001",
      doi            = "10.1088/1748-0221/7/01/P01001",
      eprint         = "1109.6034",
      archivePrefix  = "arXiv",
      primaryClass   = "physics.ins-det",
      reportNumber   = "CERN-PH-EP-2011-137, CMS-TAU-11-001",
      SLACcitation   = "%%CITATION = ARXIV:1109.6034;%%"
}
@article{Sirunyan:2018pgf,
      author         = "Sirunyan, Albert M and others",
      title          = "{Performance of reconstruction and identification of
                        $\tau$ leptons decaying to hadrons and $\nu_\tau$ in pp
                        collisions at $\sqrt{s}=$ 13 TeV}",
      collaboration  = "CMS",
      journal        = "JINST",
      volume         = "13",
      year           = "2018",
      number         = "10",
      pages          = "P10005",
      doi            = "10.1088/1748-0221/13/10/P10005",
      eprint         = "1809.02816",
      archivePrefix  = "arXiv",
      primaryClass   = "hep-ex",
      reportNumber   = "CMS-TAU-16-003, CERN-EP-2018-229",
      SLACcitation   = "%%CITATION = ARXIV:1809.02816;%%"
}
@techreport{CMS:2013kfa_inspire,
      author         = "CMS Collaboration",
      title          = "{Performance of quark/gluon discrimination in 8 TeV pp
                        data}",
      collaboration  = "CMS",
      year           = "2013",
      reportNumber   = "CMS-PAS-JME-13-002",
      SLACcitation   = "%%CITATION = CMS-PAS-JME-13-002;%%"
}
@techreport{CMS:2013kfa,
      title         = "{Performance of quark/gluon discrimination in 8 TeV pp
                       data}",
      institution   = "CERN",
      collaboration = "CMS",
      address       = "Geneva",
      number        = "CMS-PAS-JME-13-002",
      year          = "2013",
      reportNumber  = "CMS-PAS-JME-13-002",
      url           = "https://cds.cern.ch/record/1599732",
}
@article{Aad:2014gea,
      author         = "Aad, Georges and others",
      title          = "{Light-quark and gluon jet discrimination in $pp$
                        collisions at $\sqrt{s}=7$ TeV with the ATLAS
                        detector}",
      collaboration  = "ATLAS",
      journal        = "Eur. Phys. J. C",
      volume         = "74",
      year           = "2014",
      number         = "8",
      pages          = "3023",
      doi            = "10.1140/epjc/s10052-014-3023-z",
      eprint         = "1405.6583",
      archivePrefix  = "arXiv",
      primaryClass   = "hep-ex",
      reportNumber   = "CERN-PH-EP-2014-058",
      SLACcitation   = "%%CITATION = ARXIV:1405.6583;%%"
}
@article{Sirunyan:2017huu,
      author         = "Sirunyan, Albert M and others",
      title          = "{Measurement of the top quark mass using single top quark
                        events in proton-proton collisions at $\sqrt{s}= 8$
                         TeV}",
      collaboration  = "CMS",
      journal        = "Eur. Phys. J. C",
      volume         = "77",
      year           = "2017",
      number         = "5",
      pages          = "354",
      doi            = "10.1140/epjc/s10052-017-4912-8",
      eprint         = "1703.02530",
      archivePrefix  = "arXiv",
      primaryClass   = "hep-ex",
      reportNumber   = "CMS-TOP-15-001, CERN-EP-2017-012",
      SLACcitation   = "%%CITATION = ARXIV:1703.02530;%%"
}
@techreport{Asquith:2018igt,
      author         = "Asquith, Lily and others",
      title          = "{Jet Substructure at the Large Hadron Collider :
                        Experimental Review}",
      year           = "2018",
      eprint         = "1803.06991",
      archivePrefix  = "arXiv",
      primaryClass   = "hep-ex",
      reportNumber   = "FERMILAB-PUB-18-123-PPD",
      number         = "FERMILAB-PUB-18-123-PPD",
      SLACcitation   = "%%CITATION = ARXIV:1803.06991;%%"
}
@article{Sirunyan:2017ezt,
      author         = "Sirunyan, A. M. and others",
      title          = "{Identification of heavy-flavour jets with the CMS
                        detector in pp collisions at 13 TeV}",
      collaboration  = "CMS",
      journal        = "JINST",
      volume         = "13",
      year           = "2018",
      number         = "05",
      pages          = "P05011",
      doi            = "10.1088/1748-0221/13/05/P05011",
      eprint         = "1712.07158",
      archivePrefix  = "arXiv",
      primaryClass   = "physics.ins-det",
      reportNumber   = "CMS-BTV-16-002, CERN-EP-2017-326",
      SLACcitation   = "%%CITATION = ARXIV:1712.07158;%%"
}
@Article{Cacciari:2008gp,
     AUTHOR    = "Cacciari, Matteo and Salam, Gavin P. and Soyez, Gregory",
     TITLE     = "{The anti-$k_t$ jet clustering algorithm}",
     JOURNAL   = "JHEP",
     VOLUME    = "04",
     YEAR      = "2008",
     PAGES     = "063",
     doi       = "10.1088/1126-6708/2008/04/063",
     eprint         = "0802.1189",
     archivePrefix  = "arXiv",
     primaryClass   = "hep-ex",
}
@article{Cacciari:2011ma,
      author         = "Cacciari, Matteo and Salam, Gavin P. and Soyez, Gregory",
      title          = "{FastJet user manual}",
      journal        = "Eur. Phys. J. C",
      volume         = "72",
      pages          = "1896",
      doi            = "10.1140/epjc/s10052-012-1896-2",
      year           = "2012",
      eprint         = "1111.6097",
      archivePrefix  = "arXiv",
      primaryClass   = "hep-ph",
      reportNumber   = "CERN-PH-TH-2011-297",
      SLACcitation   = "%%CITATION = ARXIV:1111.6097;%%",
}
@article{Khachatryan:2014ira,
      author         = "Khachatryan, Vardan and others",
      title          = "{Observation of the diphoton decay of the Higgs boson and
                        measurement of its properties}",
      collaboration  = "CMS",
      journal        = "Eur. Phys. J. C",
      volume         = "74",
      year           = "2014",
      number         = "10",
      pages          = "3076",
      doi            = "10.1140/epjc/s10052-014-3076-z",
      eprint         = "1407.0558",
      archivePrefix  = "arXiv",
      primaryClass   = "hep-ex",
      reportNumber   = "CMS-HIG-13-001, CERN-PH-EP-2014-117",
      SLACcitation   = "%%CITATION = ARXIV:1407.0558;%%"
}
@article{Sirunyan:2018ouh,
      author         = "Sirunyan, Albert M and others",
      title          = "{Measurements of Higgs boson properties in the diphoton
                        decay channel in proton-proton collisions at $\sqrt{s} =$
                        13 TeV}",
      collaboration  = "CMS",
      year           = "2018",
      journal        = "Submitted to: JHEP",
      eprint         = "1804.02716",
      archivePrefix  = "arXiv",
      primaryClass   = "hep-ex",
      reportNumber   = "CMS-HIG-16-040, CERN-EP-2018-060",
      SLACcitation   = "%%CITATION = ARXIV:1804.02716;%%"
}
@techreport{CMS-PAS-JME-14-001,
      title         = "{Pileup Removal Algorithms}",
      institution   = "CERN",
      collaboration = "CMS",
      address       = "Geneva",
      number        = "CMS-PAS-JME-14-001",
      year          = "2014",
      reportNumber  = "CMS-PAS-JME-14-001",
      url           = "http://cds.cern.ch/record/1751454",
}
@article{Cacciari:2007fd,
      author         = "Cacciari, Matteo and Salam, Gavin P.",
      title          = "{Pileup subtraction using jet areas}",
      journal        = "Phys. Lett. B",
      volume         = "659",
      year           = "2008",
      pages          = "119-126",
      doi            = "10.1016/j.physletb.2007.09.077",
      eprint         = "0707.1378",
      archivePrefix  = "arXiv",
      primaryClass   = "hep-ph",
      reportNumber   = "LPTHE-07-01",
      SLACcitation   = "%%CITATION = ARXIV:0707.1378;%%"
}
@article{Cacciari:2008gn,
      author         = "Cacciari, Matteo and Salam, Gavin P. and Soyez, Gregory",
      title          = "{The Catchment Area of Jets}",
      journal        = "JHEP",
      volume         = "04",
      year           = "2008",
      pages          = "005",
      doi            = "10.1088/1126-6708/2008/04/005",
      eprint         = "0802.1188",
      archivePrefix  = "arXiv",
      primaryClass   = "hep-ph",
      reportNumber   = "LPTHE-07-02",
      SLACcitation   = "%%CITATION = ARXIV:0802.1188;%%"
}
@article{CMS:2011aa,
      author         = "Chatrchyan, Serguei and others",
      title          = "{Measurement of the Inclusive $W$ and $Z$ Production
                        Cross Sections in $pp$ Collisions at $\sqrt{s}=7$ TeV}",
      collaboration  = "CMS",
      journal        = "JHEP",
      volume         = "10",
      year           = "2011",
      pages          = "132",
      doi            = "10.1007/JHEP10(2011)132",
      eprint         = "1107.4789",
      archivePrefix  = "arXiv",
      primaryClass   = "hep-ex",
      reportNumber   = "CERN-PH-EP-2011-107, CMS-EWK-10-005",
      SLACcitation   = "%%CITATION = ARXIV:1107.4789;%%"
}
@article{Gleisberg:2008ta,
      author         = "Gleisberg, T. and Hoeche, Stefan. and Krauss, F. and
                        Schonherr, M. and Schumann, S. and Siegert, F. and Winter,
                        J.",
      title          = "{Event generation with SHERPA 1.1}",
      journal        = "JHEP",
      volume         = "02",
      year           = "2009",
      pages          = "007",
      doi            = "10.1088/1126-6708/2009/02/007",
      eprint         = "0811.4622",
      archivePrefix  = "arXiv",
      primaryClass   = "hep-ph",
      reportNumber   = "FERMILAB-PUB-08-477-T, SLAC-PUB-13420, ZU-TH-17-08,
                        DCPT-08-138, IPPP-08-69, EDINBURGH-2008-30, MCNET-08-14",
      SLACcitation   = "%%CITATION = ARXIV:0811.4622;%%"
}
@article{Hoeche:2009xc,
      author         = "Hoeche, Stefan and Schumann, Steffen and Siegert, Frank",
      title          = "{Hard photon production and matrix-element parton-shower
                        merging}",
      journal        = "Phys. Rev. D",
      volume         = "81",
      year           = "2010",
      pages          = "034026",
      doi            = "10.1103/PhysRevD.81.034026",
      eprint         = "0912.3501",
      archivePrefix  = "arXiv",
      primaryClass   = "hep-ph",
      reportNumber   = "ZU-TH-19-09, IPPP-09-94, DCPT-09-188, HD-THEP-09-28,
                        MCNET-09-18",
      SLACcitation   = "%%CITATION = ARXIV:0912.3501;%%"
}
@article{Webber:1983if,
      author         = "Webber, B. R.",
      title          = "{A QCD Model for Jet Fragmentation Including Soft Gluon
                        Interference}",
      journal        = "Nucl. Phys. B",
      volume         = "238",
      year           = "1984",
      pages          = "492-528",
      doi            = "10.1016/0550-3213(84)90333-X",
      reportNumber   = "CERN-TH-3713",
      SLACcitation   = "%%CITATION = NUPHA,B238,492;%%"
}
@article{Winter:2003tt,
      author         = "Winter, Jan-Christopher and Krauss, Frank and Soff,
                        Gerhard",
      title          = "{A Modified cluster hadronization model}",
      journal        = "Eur. Phys. J. C",
      volume         = "36",
      year           = "2004",
      pages          = "381-395",
      doi            = "10.1140/epjc/s2004-01960-8",
      eprint         = "hep-ph/0311085",
      archivePrefix  = "arXiv",
      primaryClass   = "hep-ph",
      reportNumber   = "CERN-TH-2003-272",
      SLACcitation   = "%%CITATION = HEP-PH/0311085;%%"
}
@article{Lai:2010vv,
      author         = "Lai, Hung-Liang and Guzzi, Marco and Huston, Joey and Li,
                        Zhao and Nadolsky, Pavel M. and Pumplin, Jon and Yuan, C.
                        -P.",
      title          = "New parton distributions for collider physics",
      journal        = "Phys. Rev. D",
      volume         = "82",
      year           = "2010",
      pages          = "074024",
      doi            = "10.1103/PhysRevD.82.074024",
      eprint         = "1007.2241",
      archivePrefix  = "arXiv",
      primaryClass   = "hep-ph",
      reportNumber   = "MSUHEP-100707, SMU-HEP-10-10",
      SLACcitation   = "%%CITATION = ARXIV:1007.2241;%%"
}
@article{Gao:2013xoa,
      author         = "Gao, Jun and Guzzi, Marco and Huston, Joey and Lai,
                        Hung-Liang and Li, Zhao and Nadolsky, Pavel and Pumplin,
                        Jon and Stump, Daniel and Yuan, C. -P.",
      title          = "{CT10} next-to-next-to-leading order global analysis of
                        {QCD}",
      journal        = "Phys. Rev. D",
      volume         = "89",
      year           = "2014",
      pages          = "033009",
      doi            = "10.1103/PhysRevD.89.033009",
      eprint         = "1302.6246",
      archivePrefix  = "arXiv",
      primaryClass   = "hep-ph",
      reportNumber   = "SMU-HEP-12-23",
      SLACcitation   = "%%CITATION = ARXIV:1302.6246;%%"
}
@article{Campbell:2006wx,
      author         = "Campbell, John M. and Huston, J. W. and Stirling, W. J.",
      title          = "{Hard Interactions of Quarks and Gluons: A Primer for LHC
                        Physics}",
      journal        = "Rept. Prog. Phys.",
      volume         = "70",
      year           = "2007",
      pages          = "89",
      doi            = "10.1088/0034-4885/70/1/R02",
      eprint         = "hep-ph/0611148",
      archivePrefix  = "arXiv",
      primaryClass   = "hep-ph",
      SLACcitation   = "%%CITATION = HEP-PH/0611148;%%"
}
@article{Agostinelli:2002hh,
      author         = "Agostinelli, S. and others",
      title          = "{GEANT4---A Simulation toolkit}",
      collaboration  = "GEANT4",
      journal        = "Nucl. Instrum. Meth. A",
      volume         = "506",
      year           = "2003",
      pages          = "250-303",
      doi            = "10.1016/S0168-9002(03)01368-8",
      reportNumber   = "SLAC-PUB-9350, FERMILAB-PUB-03-339",
      SLACcitation   = "%%CITATION = NUIMA,A506,250;%%"
}
@article{Campbell:2016yrh,
      author         = "Campbell, John M. and Ellis, R. Keith and Li, Ye and
                        Williams, Ciaran",
      title          = "Predictions for diphoton production at the {LHC} through
                        {NNLO} in {QCD}",
      journal        = "JHEP",
      volume         = "07",
      year           = "2016",
      pages          = "148",
      doi            = "10.1007/JHEP07(2016)148",
      eprint         = "1603.02663",
      archivePrefix  = "arXiv",
      primaryClass   = "hep-ph",
      reportNumber   = "IPPP-16-16, FERMILAB-PUB-16-074-T",
      SLACcitation   = "%%CITATION = ARXIV:1603.02663;%%"
}
@article{Frixione:1998jh,
      author         = "Frixione, Stefano",
      title          = "{Isolated photons in perturbative QCD}",
      journal        = "Phys. Lett. B",
      volume         = "429",
      year           = "1998",
      pages          = "369-374",
      doi            = "10.1016/S0370-2693(98)00454-7",
      eprint         = "hep-ph/9801442",
      archivePrefix  = "arXiv",
      primaryClass   = "hep-ph",
      reportNumber   = "ETH-TH-97-40",
      SLACcitation   = "%%CITATION = HEP-PH/9801442;%%"
}
@article{Gleisberg:2003ue,
      author         = "Gleisberg, Tanju and Krauss, Frank and Matchev,
                        Konstantin T. and Schalicke, Andreas and Schumann, Steffen
                        and others",
      title          = "{Helicity formalism for spin-2 particles}",
      journal        = "JHEP",
      volume         = "0309",
      pages          = "001",
      doi            = "10.1088/1126-6708/2003/09/001",
      year           = "2003",
      eprint         = "hep-ph/0306182",
      archivePrefix  = "arXiv",
      primaryClass   = "hep-ph",
      reportNumber   = "UFIFT-HEP-03-9, CLNS-03-1829, CERN-TH-2003-135",
      SLACcitation   = "%%CITATION = HEP-PH/0306182;%%",
}
@article{DErrico:2011cgc,
      author         = "D'Errico, Luca and Richardson, Peter",
      title          = "{Next-to-Leading-Order Monte Carlo Simulation of Diphoton
                        Production in Hadronic Collisions}",
      journal        = "JHEP",
      volume         = "02",
      year           = "2012",
      pages          = "130",
      doi            = "10.1007/JHEP02(2012)130",
      eprint         = "1106.3939",
      archivePrefix  = "arXiv",
      primaryClass   = "hep-ph",
      reportNumber   = "KA-TP-11-2011, SFB-CPP-11-30, MCNET-11-15, DCPT-11-68,
                        IPPP-11-34",
      SLACcitation   = "%%CITATION = ARXIV:1106.3939;%%"
}
@article{Binoth:1999qq,
      author         = "Binoth, T. and Guillet, J. P. and Pilon, E. and Werlen,
                        M.",
      title          = "{A Full next-to-leading order study of direct photon pair
                        production in hadronic collisions}",
      journal        = "Eur. Phys. J. C",
      volume         = "16",
      year           = "2000",
      pages          = "311-330",
      doi            = "10.1007/s100520050024",
      eprint         = "hep-ph/9911340",
      archivePrefix  = "arXiv",
      primaryClass   = "hep-ph",
      reportNumber   = "LAPTH-760-99",
      SLACcitation   = "%%CITATION = HEP-PH/9911340;%%"
}
@article{Butterworth:2015oua,
      author         = "Butterworth, Jon and others",
      title          = "{PDF4LHC recommendations for LHC Run II}",
      journal        = "J. Phys. G",
      volume         = "43",
      year           = "2016",
      pages          = "023001",
      doi            = "10.1088/0954-3899/43/2/023001",
      eprint         = "1510.03865",
      archivePrefix  = "arXiv",
      primaryClass   = "hep-ph",
      reportNumber   = "OUTP-15-17P, SMU-HEP-15-12, TIF-UNIMI-2015-14,
                        LCTS-2015-27, CERN-PH-TH-2015-249",
      SLACcitation   = "%%CITATION = ARXIV:1510.03865;%%"
}
@online{theta,
  author = "{M\"{u}ller}, Thomas and Ott, Jochen and Wagner-Kuhr, Jeannine",
  title  = "{theta – a framework for template-based modeling and inference}",
  year   = "2010",
  note   = "\url{http://www-ekp.physik.uni-karlsruhe.de/~ott/theta/theta.pdf}, \url{http://www-ekp.physik.uni-karlsruhe.de/~ott/theta/theta-auto}"
}
@article{Metropolis:1953am,
      author         = "Metropolis, N. and Rosenbluth, A. W. and Rosenbluth, M.
                        N. and Teller, A. H. and Teller, E.",
      title          = "{Equation of state calculations by fast computing
                        machines}",
      journal        = "J. Chem. Phys.",
      volume         = "21",
      year           = "1953",
      pages          = "1087",
      doi            = "10.1063/1.1699114",
      SLACcitation   = "%%CITATION = JCPSA,21,1087;%%"
}
@article{Patrignani:2016xqp-old,
      author         = "Patrignani, C. and others",
      title          = "{Review of Particle Physics}",
      collaboration  = "Particle Data Group",
      journal        = "Chin. Phys. C",
      volume         = "40",
      year           = "2016",
      number         = "10",
      pages          = "100001",
      doi            = "10.1088/1674-1137/40/10/100001",
      SLACcitation   = "%%CITATION = CHPHD,C40,100001;%%"
}
@article{Tanabashi:2018oca,
      author         = "Tanabashi, M. and others",
      title          = "{Review of Particle Physics}",
      collaboration  = "Particle Data Group",
      journal        = "Phys. Rev. D",
      volume         = "98",
      year           = "2018",
      number         = "3",
      pages          = "030001",
      doi            = "10.1103/PhysRevD.98.030001",
      SLACcitation   = "%%CITATION = PHRVA,D98,030001;%%"
}
@Article{Barlow-Beeston:1993,
     AUTHOR    = "Barlow, Roger and Beeston, Christine",
     TITLE     = "Fitting using finite {Monte Carlo} samples",
     JOURNAL   = "Computer Physics Communications",
     VOLUME    = "77",
     YEAR      = "1993",
     PAGES     = "219-228"
}
@techreport{CMS-NOTE-2011-005,
      author        = "{ATLAS} and {CMS Collaborations}",
      title         = "{Procedure for the LHC Higgs boson search combination in
                       Summer 2011}",
      institution   = "CERN",
      address       = "Geneva",
      number        = "CMS-NOTE-2011-005. ATL-PHYS-PUB-2011-11",
      month         = "Aug",
      year          = "2011",
      reportNumber  = "CMS-NOTE-2011-005",
      url           = "https://cds.cern.ch/record/1379837",
}
@techreport{Bertram:2000br,
      author         = "Bertram, I. and Landsberg, Greg L. and Linnemann, J. and
                        Partridge, Richard and Paterno, M. and Prosper, H. B.",
      title          = "{A Recipe for the construction of confidence limits}",
      collaboration  = "D0",
      doi            = "10.2172/753775",
      year           = "2000",
      reportNumber   = "FERMILAB-TM-2104, D0-NOTE-3476, D0-NOTE-2775-A",
      number         = "FERMILAB-TM-2104, D0-NOTE-3476, D0-NOTE-2775-A",
      SLACcitation   = "%%CITATION = FERMILAB-TM-2104;%%"
}
@article{Cousins:2018tiz,
      author         = "Cousins, Robert D.",
      title          = "{Lectures on Statistics in Theory: Prelude to Statistics
                        in Practice}",
      year           = "2018",
      eprint         = "1807.05996",
      archivePrefix  = "arXiv",
      primaryClass   = "physics.data-an",
      SLACcitation   = "%%CITATION = ARXIV:1807.05996;%%"
}