@INPROCEEDINGS{rocket-themoon2167, 
  author={Johnny Rocket and Astro Louis and Kosmonaut Karl}, 
  booktitle={Interplanatary Lunar Conference on Rockets and Propulsion},
  title={A Method and Apparatus for Long Term Propulsion in Escape Pods}, 
  year={2167}, 
  month=may, 
  volume={}, 
  number={},
  address = {Zorg-Xi Base, Crater Tycho, The Moon}, 
  pages={2650--2655}, 
}
